@misc{
    rust-lang,
    author = "The Rust Project Developers",
    title = "The Rust Programming Language",
    howpublished = {\url{https://www.rust-lang.org/en-US/}}
}

@misc{
    rust-repo,
    author = "The Rust Project Developers",
    title = "Rust Lang repository",
    howpublished = {\url{https://github.com/rust-lang/rust}}
}

@misc{
    example1,
    author = "",
    title = "C++ example from introduction",
    howpublished = {\url{http://coliru.stacked-crooked.com/a/f601e0129d7ffb1f}}
}

@misc{
    example2,
    author = "",
    title = "Rust example from introduction",
    howpublished = {\url{https://is.gd/OlRU3z}}
}

@misc{
    java-doc,
    author = "Oracle",
    title = "Extract of Java online documentatoin",
    howpublished = {\url{https://docs.oracle.com/javase/7/docs/api/java/util/ConcurrentModificationException.html}}
}

@article{
    traits,
    author = "Nathanael Schärli and Stéphane Ducasse and Oscar Nierstrasz and Andrew P. Black",
    title = "Traits: Composable Units of Behaviour",
    year = 2003,
    journal = "The European Conference on Object-Oriented Programming"
}

@article{
    inference1,
    author = "Hindley and J. Roger",
    title = "The Principal Type-Scheme of an Object in Combinatory Logic",
    year = 1969,
    journal = "Transactions of the American Mathematical Society"
}

@article{
    inference2,
    author = "Milner and Robin",
    title = "A Theory of Type Polymorphism in Programming",
    year = 1978,
    journal = "Journal of Computer and System Science"
}

@misc{
    chalk,
    author = "Chalk contributors",
    title = "Chalk repository",
    howpublished = {\url{https://github.com/nikomatsakis/chalk}}
}

@article{
    lprolog,
    author =  "Miller and Nadathur",
    title = "Lexical Scoping as Universal Quantification",
    year = 1989,
    journal = "6th International Conference Logic Programming"
}

@article{
    sld,
    author =  "Jean Gallier",
    title = "SLD-Resolution and Logic Programming",
    year = 1985,
    journal = "Logic for Computer Science: Foundations of Automatic Theorem Proving"
}

@article{
    robinson,
    author =  "J. A. Robinson",
    title = "A Machine-Oriented Logic Based on the Resolution Principle",
    year = 1965,
    journal = "Journal of the ACM"
}

@article{
    cycles,
    author = "Suzanne Wagner Dietrich",
    title = "Extension tables: memo relations in logic programming",
    year = 1897,
    journal = "Proceedings of the Symposium on Logic Programming"
}

@article{
    coind,
    author = "Luke Evans Simon",
    title = "Extending logic programming with coinduction",
    year = 2006,
    journal = "PhD thesis of the University of Texas at Dallas"
}

@article{
    growing,
    author = "Peng Fu and Ekaterina Komendantskaya and Tom Schrijvers and Andrew Pond",
    title = "Proof Relevant Corecursive Resolution",
    year = 2015,
    journal = "arXiv"
}

@book{
    kowalski,
    author = "Robert Kowalski",
    title = "Logic for Problem Solving",
    year = 1979
}